<ENVELOPE>
 <HEADER>
  <TALLYREQUEST>Import Data</TALLYREQUEST>
 </HEADER>
 <BODY>
  <IMPORTDATA>
   <REQUESTDESC>
    <REPORTNAME>Vouchers</REPORTNAME>
    <STATICVARIABLES>
     <SVCURRENTCOMPANY>ALLIANCE TRADERS - (from 1-Apr-19)</SVCURRENTCOMPANY>	<!-- compName -->
    </STATICVARIABLES>
   </REQUESTDESC>
   <REQUESTDATA>
    <TALLYMESSAGE xmlns:UDF="TallyUDF">
     <VOUCHER VCHTYPE="Payment" ACTION="Create">
      <DATE>20230101</DATE>											<!-- voucherDate -->
      <VOUCHERTYPENAME>Payment</VOUCHERTYPENAME>					<!-- voucherType -->
      <NARRATION>hel</NARRATION>									<!-- narration -->
	  <ISOPTIONAL>Yes</ISOPTIONAL>
      <PARTYLEDGERNAME>MAYANK INTERNATIONAL</PARTYLEDGERNAME>		<!-- ledgerName-->
      <VOUCHERNUMBER>1234</VOUCHERNUMBER>							<!-- Voucher Number -->
	  
      <ALLLEDGERENTRIES.LIST>
       <LEDGERNAME>MAYANK INTERNATIONAL</LEDGERNAME>				<!-- ledgerName-->
       <ISDEEMEDPOSITIVE>Yes</ISDEEMEDPOSITIVE>
       <ISPARTYLEDGER>Yes</ISPARTYLEDGER>
       <AMOUNT>-24000.00</AMOUNT>									<!-- ledgerAmount -->
      </ALLLEDGERENTRIES.LIST>
      <ALLLEDGERENTRIES.LIST>
       <LEDGERNAME>HDFC BANK A/C</LEDGERNAME>						<!-- paymentMode -->
       <ISDEEMEDPOSITIVE>No</ISDEEMEDPOSITIVE>
       <ISPARTYLEDGER>Yes</ISPARTYLEDGER>
       <AMOUNT>24000.00</AMOUNT>									<!-- paymentModeAmount -->
      </ALLLEDGERENTRIES.LIST>
      </VOUCHER>
    </TALLYMESSAGE>
   </REQUESTDATA>
  </IMPORTDATA>
 </BODY>
</ENVELOPE>
